3849 2478
668 408 1672 495 Sind Ihre Verleger schon so zahm
662 325 1710 392 geworden, daß sie diese unmöglichen
593 241 1794 320 Wünsche von Lyrikern befriedigen können?
537 191 1937 258 Erinnern Sie sich noch dieses „Zahm-Werdens‟? Donath
1800 282 3149 375 Wien 14/6 99 TX Gr. Thor,
3058 376 3171 461 31
611 511 2924 638 Lieber Herr Doctor! Ich möchte so gern
599 686 2931 801 einmal wieder was von Ihnen hören. Bitte sehr
662 836 2271 954 darum. Für heute viele Grüße
2541 878 2901 950 Ihr Donath
667 1053 2257 1122 Sie erinnern sich wol kaum mehr
2265 981 2369 1057 an
2325 1018 3058 1089 mich, Ihren steten
698 1146 3014 1241 Verehrer Ihrer Poesien. Zeihen Sie mich, bitte, keiner
680 1271 1667 1350 Unverschämtheit, wenn
1676 1224 1732 1286 ich
1739 1277 3000 1334 Sie um Bild und Autogramm
660 1378 2757 1463 ersuche! Herzlichsten Dank im voraus von Ihrem
2253 1458 2978 1525 sehr ergebenen
2105 1536 2877 1605 Sigmund Wim̅er
2043 1640 3136 1693 II., Württemberggasse 3.
633 1564 1976 1614 Ich habe zwar bisher noch keinen Anlass
510 1668 1875 1730 geboten dass Sie, verehrter Meister, sich
540 1740 3092 1818 meiner erinnern könnten, und so bitte ich ab dennoch, mir das selbe Anden-
531 1814 2795 1899 ken zukommen zu lassen; es wird mir eine werte Erinnerung fleiben.
1955 1872 3129 1944 Stephan Zweig Wien I Rathhausstrase 17
