3428 4137
145 433 2718 820 L. R. Dank für Deinen freundlichen
161 659 2604 1053 Brief. Nein, weder Fuhrmann
150 897 2745 1510 noch Tormin — beide sind übriegens
171 1210 2659 1730 auch verreist — können schwedisch.
135 1448 2601 1973 Wenns dänisch ware, wüßte
166 1706 2722 2320 ich Dir sofort Namen zu nennen.
300 1928 2431 2395 Ich möchte sogern doch mal
193 2132 2677 2678 Deine Kinder sehn!!! Wenns mir
159 2402 2719 2923 irgend wie gelingen sollte, komm
222 2649 2649 3078 ich allein mal. Sonst — „Gelder‟
175 2886 2683 3273 sehr, sehr schwach. — Kennst Du den
191 3115 2626 3463 Schriftsteller Dr. Brausewetter? Der
163 3370 2748 3680 übersetzt aus dem Schwedischen. Übriegens
176 3529 2748 3808 wird Dir darin Schuster gleich das Richtige sagen
183 3688 2799 3962 können. — Ich habe die Welt satt. Danke gehorsamst.
1675 3832 2483 3960 Dein alter D.
