2194 1780
317 523 1975 729 Lieber Peter! Ich meine, dann würde doch Toron
325 674 1932 857 auf Grund des Vertrages verlangen können, daß
318 775 1956 958 er mit seiner Truppe in dem Düsseldorfer Gebäude
346 884 1933 1063 mimt; wenn auch natürlich nur Spiele, zu denen
329 993 1956 1148 wir unsre Zustimmung geben. Bitte, schreib mir
330 1078 1953 1250 umgehend, ob das auch Deine Auffassung ist und
330 1167 1950 1327 ob ich in diesen Sinne mit Toron reden soll.
334 1286 1918 1422 Und nenne mir auch den äußersten Termin, zu
325 1360 1891 1532 dem die Sache finanziell garantiert sein muß.
1074 1463 1916 1604 Immer Dein R.
350 1485 1901 1657 NB: An Schäfer bitte keine Grüße mehr von mir zu bestellen.
496 1583 967 1675 Näheres mündlich.
