3848 2423
1601 262 3146 450 Eben, mein herzlicher, hörten
507 291 3015 618 wir von Eugen Lindner Deine tragische
534 485 3085 759 Erscheinung. Wir waren von Lindners
497 673 3078 968 wunder-wundervoller Composition
499 816 2838 1149 und Deinem tiefen, tiefen Gedicht alle
504 1009 2997 1304 erschüttert. Immer und immer Dein Detlev.
547 1223 2783 1456 Dem verehrten Dichter viele herzliche Grüße
522 1374 2828 1598 der dankbaren Componist. Eugen Linder
536 1510 2611 1750 In ausgezeichneter Hochschätzung Peter Gast.
560 1641 1747 1861 Graf Kielmansegg (dankbarst)
2086 1743 3027 1808 Huey Lindarlrben
1281 1797 3058 1871 Benedictus Wittekopp. Brief folgt von Altona (Elbe).
3083 164 3200 1903 Mein Söhnchen heißt: Wulf Kai (Cajus) Detlev
